@INCOLLECTION{berlekamp,
   AUTHOR = "E. R. Berlekamp and J. H. Conway and R. K. Guy",
   BOOKTITLE = "Winning Ways for Your Mathematical Plays",
   VOLUME = 2,
   TITLE = "Games in Particular",
   PUBLISHER = "Academic Press",
   ADDRESS = "London",
   YEAR = 1982
}

@BOOK{bessy,
   AUTHOR = "B. F. de Bessy",
   TITLE = "Des quarrez magiques",
   PUBLISHER = "De l'imprimerie Royale par Jean Anisson",
   ADDRESS = "Paris",
   YEAR = 1693
}

@ARTICLE{euler,
   AUTHOR = "L. Euler",
   TITLE = "De quadratis magicis",
   JOURNAL = "Commentationes arithmeticae",
   VOLUME = 2,
   YEAR = 1849,
   PAGES = "593--602"
}

@ARTICLE{gardner,
   AUTHOR = "M. Gardner",
   TITLE = "Mathematical Games",
   JOURNAL = "Scientific American",
   VOLUME = 234,
   YEAR = 1976,
   PAGES = "118--122"
}

@ARTICLE{pinn,
   AUTHOR = "K. Pinn and C. Wieczerkowski",
   TITLE = "Number of Magic Squares from Parallel Tempering Monte Carlo",
   JOURNAL = "Int.\ J. Mod.\ Phys.\ C",
   VOLUME = 9,
   YEAR = 1998,
   PAGES = "541--547"
}
